@article{EatonGersovitz1981,
  author  = {Eaton, J. and Gersovitz, M.},
  title   = {Debt with Potential Repudiation: Theoretical and Empirical Analysis},
  journal = {The Review of Economic Studies},
  volume  = {48},
  number  = {2},
  pages   = {289--309},
  year    = {1981},
  doi     = {10.2307/2296886}
}
@article{BordaloGennaioliShleifer2018,
  author  = {Pedro Bordalo and Nicola Gennaioli and Andrei Shleifer},
  title   = {Diagnostic Expectations and Credit Cycles},
  journal = {The Journal of Finance},
  year    = {2018},
  volume  = {73},
  number  = {1},
  pages   = {199--227}
}


@article{Arellano2008,
  author  = {Arellano, C.},
  title   = {Default Risk and Income Fluctuations in Emerging Economies},
  journal = {American Economic Review},
  volume  = {98},
  number  = {3},
  pages   = {690--712},
  year    = {2008},
  doi     = {10.1257/aer.98.3.690}
}

@article{ChatterjeeEyigungor2012,
  author  = {Chatterjee, S. and Eyigungor, B.},
  title   = {Maturity, Indebtedness, and Default Risk},
  journal = {American Economic Review},
  volume  = {102},
  number  = {6},
  pages   = {2674--2699},
  year    = {2012},
  doi     = {10.1257/aer.102.6.2674}
}

@article{DvorkinSancheSaprizaYurdagul2021,
  author  = {Dvorkin, M. and Sanchez, J. M. and Sapriza, H. and Yurdagul, E.},
  title   = {Sovereign Debt Restructurings},
  journal = {American Economic Journal: Macroeconomics},
  volume  = {13},
  number  = {2},
  pages   = {26--77},
  year    = {2021},
  doi     = {10.1257/mac.20180206}
}

@article{MIHALACHEOREEF2024,
  author  = {Mihalache, G.},
  title   = {Solving default models},
  journal = {Oxford Research Encyclopedia of Economics and Finance},
  year    = {2024},
  note    = {Forthcoming}
}

@article{TomzWright2013,
  author  = {Tomz, Michael and Wright, Mark L. J.},
  title   = {Empirical Research on Sovereign Debt and Default},
  journal = {Annual Review of Economics},
  volume  = {5},
  pages   = {247--272},
  year    = {2013},
  doi     = {10.1146/annurev-economics-061109-080443}
}

@article{MeyerReinhartTrebesch2022,
  author  = {Meyer, J. and Reinhart, C. M. and Trebesch, C.},
  title   = {Sovereign Bonds Since Waterloo},
  journal = {The Quarterly Journal of Economics},
  volume  = {137},
  number  = {3},
  pages   = {1615--1680},
  year    = {2022},
  doi     = {10.1093/qje/qjac013}
}

@article{MorelliMoretti2023,
  author  = {Morelli, J. M. and Moretti, M.},
  title   = {Information Frictions, Reputation, and Sovereign Spreads},
  journal = {Journal of Political Economy},
  volume  = {131},
  number  = {11},
  pages   = {3066--3102},
  year    = {2023},
  doi     = {10.1086/722886}
}

@article{ColeDowEnglish1995,
  author  = {Cole, Harold L. and Dow, James and English, William B.},
  title   = {Default, Settlement, and Signalling: Lending Resumption in a Reputational Model of Sovereign Debt},
  journal = {International Economic Review},
  volume  = {36},
  number  = {2},
  pages   = {365--385},
  year    = {1995}
}

@article{AmadorPhelan2021,
  author  = {Amador, M. and Phelan, C.},
  title   = {Reputation and Sovereign Default},
  journal = {Econometrica},
  volume  = {89},
  number  = {4},
  pages   = {1979-2010},
  year    = {2021},
  doi     = {10.3982/ECTA16685}
}

@article{AmadorPhelan2023,
  author  = {Amador, M. and Phelan, C.},
  title   = {Reputation and Partial Default},
  journal = {American Economic Review: Insights},
  volume  = {5},
  number  = {2},
  pages   = {158-172},
  year    = {2023},
  doi     = {10.1257/aeri.20220063}
}

@article{ColeKehoe1998,
  author  = {Cole, H. L. and Kehoe, P. J.},
  title   = {Models of Sovereign Debt: Partial versus General Reputations},
  journal = {International Economic Review},
  volume  = {39},
  number  = {1},
  pages   = {55-70},
  year    = {1998},
  doi     = {10.2307/2527230}
}

@article{DErasmo2011,
  author  = {D'Erasmo, P.},
  title   = {Government Reputation and Debt Repayment in Emerging Economies},
  journal = {Working Paper},
  year    = {2011},
  note    = {Federal Reserve Bank of Philadelphia}
}

@article{EgorovFabinger2016,
  author  = {Egorov, K. and Fabinger, M.},
  title   = {Reputational Effects in Sovereign Default},
  journal = {Working Paper},
  year    = {2016},
  note    = {University of Chicago}
}

@article{Fourakis2021,
  author  = {Fourakis, S.},
  title   = {Sovereign Default and Government Reputation},
  journal = {Working Paper},
  year    = {2024}
}

@article{DovisKirpalani2020,
  author  = {Dovis, A. and Kirpalani, R.},
  title   = {Fiscal Rules, Bailouts, and Reputation in Federal Governments},
  journal = {American Economic Review},
  volume  = {110},
  number  = {3},
  pages   = {860-888},
  year    = {2020},
  doi     = {10.1257/aer.20181432}
}

@article{DovisKirpalani2021,
  author  = {Dovis, A. and Kirpalani, R.},
  title   = {Reputation, Bailouts, and Interest Rate Spread Dynamics},
  journal = {Working Paper},
  year    = {2021},
  note    = {University of Wisconsin-Madison}
}

@article{LongstaffPanPedersenSingleton2011,
  author  = {Longstaff, F. A. and Pan, J. and Pedersen, L. H. and Singleton, K. J.},
  title   = {How Sovereign Is Sovereign Credit Risk?},
  journal = {American Economic Journal: Macroeconomics},
  volume  = {3},
  number  = {2},
  pages   = {75--103},
  year    = {2011},
  doi     = {10.1257/mac.3.2.75}
}

@book{LjungqvistSargent2000,
  author    = {Ljungqvist, L. and Sargent, T. J.},
  title     = {Recursive Macroeconomic Theory},
  publisher = {The MIT Press},
  year      = {2000},
  edition   = {1st},
  address   = {Cambridge, MA}
}

@article{Tauchen1986,
  author  = {Tauchen, G.},
  title   = {Finite state markov-chain approximations to univariate and vector autoregressions},
  journal = {Economics Letters},
  volume  = {20},
  number  = {2},
  pages   = {177--181},
  year    = {1986}
}

@article{Cavallo2013,
  author  = {Cavallo, A.},
  title   = {Online and Official Price Indexes: Measuring Argentina's Inflation},
  journal = {Journal of Monetary Economics},
  volume  = {60},
  number  = {2},
  pages   = {152--165},
  year    = {2013}
}

@misc{IMFPress2013,
  author       = {{International Monetary Fund}},
  title        = {IMF Executive Board Issues Declaration of Censure on Argentina},
  howpublished = {Press Release No.~13/33, February 1, 2013},
  year         = {2013},
  url          = {https://www.imf.org/en/News/Articles/2015/09/14/01/49/pr1333},
  note         = {Accessed 20 June 2025}
}

@misc{IMFLift2016,
  author       = {{International Monetary Fund}},
  title        = {IMF Executive Board Lifts Censure on Argentina},
  howpublished = {Press Release No. 16/511},
  year         = {2016},
  url          = {https://www.imf.org/en/News/Articles/2015/09/14/01/49/pr16511}
}

@misc{ReutersFines2013,
  author       = {Grajewski, Silvio and Raszewski, Elzbieta},
  title        = {Argentina Fines Private Economists for Inflation Reports},
  howpublished = {Reuters},
  year         = {2013},
  month        = {February},
  day          = {1},
  url          = {https://www.reuters.com/article/us-argentina-inflation-idUSBRE9101DG20130201},
  note         = {Online news article; Accessed 20 June 2025}
}

@misc{Economist2012,
  author       = {{The Economist}},
  title        = {Don't Lie to Me, Argentina},
  howpublished = {The Economist},
  year         = {2012},
  month        = {February},
  day          = {25},
  url          = {https://www.economist.com/americas/2012/02/25/dont-lie-to-me-argentina}
}

@misc{AmericasQuarterly2014,
  author       = {Bennett, Paul},
  title        = {The Numbers Game: Inside Argentina's Inflation Controversy},
  howpublished = {Americas Quarterly},
  year         = {2014},
  month        = {July},
  day          = {14},
  url          = {https://www.americasquarterly.org/fulltextarticle/the-numbers-game-inside-argentinas-inflation-controversy/},
  note         = {Accessed 20 June 2025}
}

@misc{Sabatini2014,
  author       = {Sabatini, Christopher},
  title        = {New Data, Old Qualms},
  howpublished = {Americas Quarterly},
  year         = {2014},
  month        = {February},
  day          = {14},
  url          = {https://www.americasquarterly.org/article/new-data-old-qualms/}
}

@book{HansenSargent2008,
  author    = {Hansen, L. P. and Sargent, T. J.},
  title     = {Robustness},
  publisher = {Princeton University Press},
  year      = {2008}
}

@article{KlibanoffMarinacciMukerji2005,
  author  = {Klibanoff, Peter and Marinacci, Massimo and Mukerji, Sujoy},
  title   = {A Smooth Model of Decision Making Under Ambiguity},
  journal = {Econometrica},
  year    = {2005},
  volume  = {73},
  number  = {6},
  pages   = {1849--1892}
}

@article{MaccheroniMarinacciRustichini2006,
  author  = {Maccheroni, Fabio and Marinacci, Massimo and Rustichini, Aldo},
  title   = {Ambiguity Aversion, Robustness, and the Variational Representation},
  journal = {Econometrica},
  year    = {2006},
  volume  = {74},
  number  = {6},
  pages   = {1447--1498}
}

@book{ReinhartRogoff2009,
  author    = {Reinhart, C. M. and Rogoff, K. S.},
  title     = {This Time Is Different: Eight Centuries of Financial Folly},
  publisher = {Princeton University Press},
  year      = {2009},
  address   = {Princeton, NJ}
}

@article{PouzoPresno2016,
  author  = {Pouzo, D. and Presno, I.},
  title   = {Sovereign Default under Model Uncertainty},
  journal = {American Economic Review},
  volume  = {106},
  number  = {9},
  pages   = {2337--2371},
  year    = {2016}
}

@book{GennaioliShleifer2018,
  author    = {Gennaioli, N. and Shleifer, A.},
  title     = {A Crisis of Beliefs: Investor Psychology and Financial Fragility},
  publisher = {Oxford University Press},
  year      = {2018}
}

@article{BordaloEtAl2023,
  author  = {Bordalo, P. and Gennaioli, N. and La Porta, Rafael and Shleifer, A.},
  title   = {Diagnostic Expectations and Credit Cycles},
  journal = {Quarterly Journal of Economics},
  volume  = {138},
  number  = {2},
  pages   = {941--994},
  year    = {2023}
}

@misc{ReutersNewCPI2015,
  author       = {Grajewski, Silvio and O'Boyle, Brendan},
  title        = {Argentina to Launch New Consumer Price Index after Data Overhaul},
  howpublished = {Reuters},
  year         = {2015},
  month        = {December},
  day          = {9},
  url          = {https://www.reuters.com/article/argentina-economy-inflation-idUSL1N14103S20151209},
  note         = {Accessed 20 June 2025}
}

@misc{JPMorganEMBI2023,
  author       = {{J.P. Morgan}},
  title        = {EMBI Global Index Methodology Factsheet},
  howpublished = {Index Research Factsheet, September 7, 2023},
  year         = {2023},
  url          = {https://www.jpmorgan.com/content/dam/jpm/research/documents/SLI-EMBI-Methodology.pdf}
}

@techreport{GourinchasReyGovillot2010,
  author      = {Gourinchas, P.-O. and Rey, H. and Govillot, N.},
  title       = {Exorbitant privilege and exorbitant duty},
  institution = {National Bureau of Economic Research},
  year        = {2010},
  number      = {w15950}
}

@article{MendozaYue2012,
  author  = {Mendoza, E. G. and Yue, V. Z.},
  title   = {A General Equilibrium Model of Sovereign Default and Business Cycles},
  journal = {The Quarterly Journal of Economics},
  volume  = {127},
  number  = {2},
  pages   = {889-946},
  year    = {2012},
  doi     = {10.1093/qje/qjs023}
}

@misc{WorldBankGDP2007,
  author       = {{World Bank}},
  title        = {World Development Indicators: GDP (current US\$) -- Argentina, 2007},
  year         = {2007},
  howpublished = {\url{https://data.worldbank.org/indicator/NY.GDP.MKTP.CD?locations=AR}},
  note         = {Accessed 20 June 2025}
}

@misc{FinancialTimes2016,
  author       = {Wigglesworth, R.},
  title        = {A Billion Prices Can't Be Wrong},
  howpublished = {Financial Times},
  year         = {2016},
  month        = {May},
  day          = {9},
  url          = {https://www.ft.com/content/91d0f430-17c4-11e6-bb7d-ee563a5a1cc1},
  note         = {Paywalled}
}

@article{AguiarGopinath2007,
  author  = {Aguiar, M. and Gopinath, G.},
  title   = {Emerging Market Business Cycles: The Cycle Is the Trend},
  journal = {Journal of Political Economy},
  volume  = {115},
  number  = {1},
  pages   = {69--102},
  year    = {2007},
  doi     = {10.1086/511283}
}

@article{HatchondoMartinez2009,
  author  = {Hatchondo, J. C. and Martinez, L.},
  title   = {Long-duration bonds and sovereign defaults},
  journal = {Journal of International Economics},
  volume  = {79},
  number  = {1},
  pages   = {117--125},
  year    = {2009},
  doi     = {10.1016/j.jinteco.2009.06.002}
}

@article{Phelan2006,
  author  = {Phelan, C.},
  title   = {Public trust and government betrayal},
  journal = {Journal of Economic Theory},
  volume  = {130},
  number  = {1},
  pages   = {27--43},
  year    = {2006},
  doi     = {10.1016/j.jet.2005.04.004}
}

@article{DErasmoMoscosoBoedo2012,
  author  = {D'Erasmo, P. N. and Moscoso Boedo, H. J.},
  title   = {Financial structure, informality and development},
  journal = {Journal of Monetary Economics},
  volume  = {59},
  number  = {3},
  pages   = {286--302},
  year    = {2012},
  doi     = {10.1016/j.jmoneco.2012.02.004}
}

@article{CalvoLeidermanReinhart1996,
  author  = {Calvo, G. A. and Leiderman, L. and Reinhart, C. M.},
  title   = {Inflows of Capital to Developing Countries in the 1990s},
  journal = {Journal of Economic Perspectives},
  volume  = {10},
  number  = {2},
  pages   = {123--139},
  year    = {1996},
  doi     = {10.1257/jep.10.2.123}
}

@article{GennaioliMartinRossi2014,
  author  = {Gennaioli, N. and Martin, A. and Rossi, S.},
  title   = {Sovereign Default, Domestic Banks, and Financial Institutions},
  journal = {The Journal of Finance},
  volume  = {69},
  number  = {2},
  pages   = {819--866},
  year    = {2014},
  doi     = {10.1111/jofi.12140}
}

@misc{Guardian2012,
  author       = {{The Guardian}},
  title        = {Argentina faces IMF penalties over failure to meet inflation deadline},
  howpublished = {The Guardian},
  year         = {2012},
  month        = {December},
  day          = {16},
  url          = {https://www.theguardian.com/world/2012/dec/16/argentina-imf-penalties-inflation-deadline}
}

@article{NeumeyerPerri2005,
  author  = {Neumeyer, P. A. and Perri, F.},
  title   = {Business cycles in emerging economies: the role of interest rates},
  journal = {Journal of Monetary Economics},
  volume  = {52},
  number  = {2},
  pages   = {345--380},
  year    = {2005},
  doi     = {10.1016/j.jmoneco.2004.04.011}
}

@article{CrucesTrebesch2013,
  author  = {Cruces, J. J. and Trebesch, C.},
  title   = {Sovereign Defaults: The Price of Haircuts},
  journal = {American Economic Journal: Macroeconomics},
  volume  = {5},
  number  = {3},
  pages   = {85--117},
  year    = {2013},
  doi     = {10.1257/mac.5.3.85}
}

@article{BocolaDovis2019,
  author  = {Bocola, L. and Dovis, A.},
  title   = {Self-Fulfilling Debt Crises: A Quantitative Analysis},
  journal = {American Economic Review},
  volume  = {109},
  number  = {12},
  pages   = {4343--4377},
  year    = {2019},
  doi     = {10.1257/aer.20161471}
}

@article{Lizarazo2013,
  author  = {Lizarazo, S. V.},
  title   = {Default risk and risk averse international investors},
  journal = {Journal of International Economics},
  volume  = {89},
  number  = {2},
  pages   = {317--330},
  year    = {2013},
  doi     = {10.1016/j.jinteco.2012.01.006}
}

@article{Stangebye2020,
  author  = {Stangebye, Z. R.},
  title   = {Beliefs and long-maturity sovereign debt},
  journal = {Journal of International Economics},
  volume  = {127},
  pages   = {103381},
  year    = {2020},
  doi     = {10.1016/j.jinteco.2020.103381}
}

@article{ArellanoRamanarayanan2012,
  author  = {Arellano, C. and Ramanarayanan, A.},
  title   = {Default and the Maturity Structure in Sovereign Bonds},
  journal = {Journal of Political Economy},
  volume  = {120},
  number  = {2},
  pages   = {187--232},
  year    = {2012},
  doi     = {10.1086/666589}
}

@article{AguiarAmadorHopenhaynWerning2019,
  author  = {Aguiar, M. and Amador, M. and Hopenhayn, H. and Werning, I.},
  title   = {Take the Short Route: Equilibrium Default and Debt Maturity},
  journal = {Econometrica},
  volume  = {87},
  number  = {2},
  pages   = {423--462},
  year    = {2019},
  doi     = {10.3982/ECTA14806}
}

@article{ReinhartTrebesch2016,
  author  = {Reinhart, C. M. and Trebesch, C.},
  title   = {Sovereign Debt Relief and its Aftermath},
  journal = {Journal of the European Economic Association},
  volume  = {14},
  number  = {1},
  pages   = {215--251},
  year    = {2016},
  doi     = {10.1111/jeea.12166}
}

@article{Paluszynski2023,
  author  = {Paluszynski, R.},
  title   = {Learning about Debt Crises},
  journal = {American Economic Journal: Macroeconomics},
  volume  = {15},
  number  = {1},
  pages   = {106--134},
  year    = {2023},
  doi     = {10.1257/mac.20200423}
}

@article{RochRoldan2023,
  author  = {Roch, F. and Rold{\'a}n, F.},
  title   = {Uncertainty, Sovereign Default Risk, and State-Contingent Debt},
  journal = {Journal of Political Economy Macroeconomics},
  volume  = {1},
  number  = {2},
  pages   = {334--370},
  year    = {2023},
  doi     = {10.1086/724398}
}

@article{MitchenerTrebesch2023,
  title   = {Sovereign Debt in the Twenty-first Century},
  author  = {Mitchener, K. J. and Trebesch, C.},
  journal = {Journal of Economic Literature},
  volume  = {61},
  number  = {2},
  pages   = {565--623},
  year    = {2023},
  doi     = {10.1257/jel.20221657}
}

@article{SchumacherEnderleinTrebesch2021,
  title   = {Sovereign defaults in court},
  author  = {Schumacher, Julian and Trebesch, Christoph and Enderlein, Henrik},
  journal = {Journal of International Economics},
  volume  = {131},
  pages   = {103388},
  year    = {2021},
  doi     = {10.1016/j.jinteco.2021.103388}
}

@article{CataoFostelKapur2009,
  title     = {Persistent gaps and default traps},
  author    = {Cat{\~a}o, L. A.V. and Fostel, A. and Kapur, S.},
  journal   = {Journal of Development Economics},
  volume    = {89},
  number    = {2},
  pages     = {271--284},
  year      = {2009},
  publisher = {Elsevier}
}

@article{TverskyKahneman1974,
  author  = {Tversky, A. and Kahneman, D.},
  title   = {Judgment under Uncertainty: Heuristics and Biases},
  journal = {Science},
  volume  = {185},
  number  = {4157},
  pages   = {1124--1131},
  year    = {1974},
  doi     = {10.1126/science.185.4157.1124}
}

@article{KahnemanTversky1979,
  author  = {Kahneman, D. and Tversky, A.},
  title   = {Prospect Theory: An Analysis of Decision under Risk},
  journal = {Econometrica},
  volume  = {47},
  number  = {2},
  pages   = {263--291},
  year    = {1979},
  doi     = {10.2307/1914185}
}

@article{GilboaSchmeidler1989,
  author  = {Gilboa, I. and Schmeidler, D.},
  title   = {Maxmin expected utility with non-unique prior},
  journal = {Journal of Mathematical Economics},
  volume  = {18},
  number  = {2},
  pages   = {141--153},
  year    = {1989},
  doi     = {10.1016/0304-4068(89)90018-9}
}

@article{EpsteinZin1991,
  author  = {Epstein, L. G. and Zin, S. E.},
  title   = {Substitution, Risk Aversion, and the Temporal Behavior of Consumption and Asset Returns: An Empirical Analysis},
  journal = {Journal of Political Economy},
  volume  = {99},
  number  = {2},
  pages   = {263--286},
  year    = {1991},
  doi     = {10.1086/261750}
}

@incollection{BarberisThaler2003,
  author    = {Barberis, N. and Thaler, R.},
  title     = {A survey of behavioral finance},
  booktitle = {Handbook of the Economics of Finance},
  volume    = {1},
  pages     = {1053--1128},
  year      = {2003},
  publisher = {Elsevier},
  editor    = {George M. Constantinides and Milton Harris and Ren{\'e} M. Stulz}
}

@article{ShefrinStatman1985,
  author  = {Shefrin, Hersh and Statman, Meir},
  title   = {The Disposition to Sell Winners Too Early and Ride Losers Too Long: Theory and Evidence},
  journal = {The Journal of Finance},
  volume  = {40},
  number  = {3},
  pages   = {777--790},
  year    = {1985},
  doi     = {10.1111/j.1540-6261.1985.tb05002.x}
}

@book{Kindleberger1978,
  author    = {Kindleberger, C. P.},
  title     = {Manias, Panics and Crashes: A History of Financial Crises},
  publisher = {Basic Books},
  year      = {1978},
  address   = {New York}
}

@article{BrunnermeierNagel2004,
  author  = {Brunnermeier, M. K. and Nagel, S.},
  title   = {Hedge Funds and the Technology Bubble},
  journal = {The Journal of Finance},
  volume  = {59},
  number  = {5},
  pages   = {2013--2040},
  year    = {2004},
  doi     = {10.1111/j.1540-6261.2004.00690.x}
}

@article{DeLongEtAl1990,
  author  = {De Long, J. B. and Shleifer, A. and Summers, L. H. and Waldmann, R. J.},
  title   = {Noise Trader Risk in Financial Markets},
  journal = {Journal of Political Economy},
  volume  = {98},
  number  = {4},
  pages   = {703--738},
  year    = {1990},
  doi     = {10.1086/261703}
}

@article{BakerWurgler2006,
  author  = {Baker, M. and Wurgler, J.},
  title   = {Investor Sentiment and the Cross-Section of Stock Returns},
  journal = {The Journal of Finance},
  volume  = {61},
  number  = {4},
  pages   = {1645--1680},
  year    = {2006},
  doi     = {10.1111/j.1540-6261.2006.00885.x}
}

@article{Gabaix2012,
  author  = {Gabaix, X.},
  title   = {Variable Rare Disasters: An Exactly Solved Framework for Ten Puzzles in Macro-Finance},
  journal = {The Quarterly Journal of Economics},
  volume  = {127},
  number  = {2},
  pages   = {645--700},
  year    = {2012},
  doi     = {10.1093/qje/qjs001}
}

@book{Abbas2019,
  editor    = {Abbas, S. M. Ali and Pienkowski, Alex and Rogoff, Kenneth S.},
  title     = {Sovereign Debt: A Guide for Economists and Practitioners},
  publisher = {Oxford University Press},
  year      = {2019},
  doi       = {10.1093/oso/9780198848529.001.0001}
}

@article{ColeKehoe2000,
  author  = {Cole, H. L. and Kehoe, T. J.},
  title   = {Self-Fulfilling Debt Crises},
  journal = {The Review of Economic Studies},
  volume  = {67},
  number  = {1},
  pages   = {91--116},
  year    = {2000},
  doi     = {10.1111/1467-937X.00121}
}

@article{LearningaboutDebtCrises2021,
  author  = {Paluszynski, Radoslaw},
  title   = {Learning about Debt Crises},
  journal = {American Economic Journal: Macroeconomics},
  volume  = {15},
  number  = {1},
  pages   = {106--134},
  year    = {2023},
  doi     = {10.1257/mac.20200423}
}


@article{RochRoldan2023,
  author  = {Roch, Francisco and Roldan, Francisco},
  title   = {Uncertainty Premia, Sovereign Default Risk, and State-Contingent Debt},
  journal = {Journal of Political Economy Macroeconomics},
  volume  = {1},
  number  = {2},
  pages   = {334--370},
  year    = {2023},
  doi     = {10.1086/724398}
}

@article{LucasStokey1983,
  author  = {Lucas, Robert E. and Stokey, Nancy L.},
  title   = {Optimal Fiscal and Monetary Policy in an Economy without Capital},
  journal = {Journal of Monetary Economics},
  volume  = {12},
  number  = {1},
  pages   = {55--93},
  year    = {1983},
  doi     = {10.1016/0304-3932(83)90049-1}
}

@article{ChariKehoe1999,
  author    = {Chari, V. V. and Kehoe, Patrick J.},
  title     = {Optimal Fiscal and Monetary Policy},
  journal   = {Handbook of Macroeconomics},
  volume    = {1},
  pages     = {1671--1745},
  year      = {1999},
  publisher = {Elsevier},
  editor    = {John B. Taylor and Michael Woodford}
}

@article{AiyagariMarcetSargentSeppala2002,
  author  = {Aiyagari, S. Rao and Marcet, Albert and Sargent, Thomas J. and Sepp\"{a}l\"{a}, Juha},
  title   = {Optimal Taxation without State-Contingent Debt},
  journal = {Journal of Political Economy},
  volume  = {110},
  number  = {6},
  pages   = {1220--1254},
  year    = {2002},
  doi     = {10.1086/342806}
}

@article{HansenSargent2001,
  author  = {Hansen, Lars Peter and Sargent, Thomas J.},
  title   = {Robust Control and Model Uncertainty},
  journal = {American Economic Review},
  volume  = {91},
  number  = {2},
  pages   = {60--66},
  year    = {2001},
  doi     = {10.1257/aer.91.2.60}
}

@article{CogleySargent2008,
  author  = {Cogley, Timothy and Sargent, Thomas J.},
  title   = {The Market Price of Risk and the Equity Premium: A Legacy of the Great Depression?},
  journal = {Journal of Monetary Economics},
  volume  = {55},
  number  = {3},
  pages   = {454--476},
  year    = {2008},
  doi     = {10.1016/j.jmoneco.2008.01.006}
}

@article{BaumeisterBratslavskyFinkenauer2001,
  author  = {Baumeister, Roy F. and Bratslavsky, Ellen and Finkenauer, Catrin and Vohs, Kathleen D.},
  title   = {Bad Is Stronger Than Good},
  journal = {Review of General Psychology},
  volume  = {5},
  number  = {4},
  pages   = {323--370},
  year    = {2001},
  doi     = {10.1037/1089-2680.5.4.323}
}

@article{BordaloGennaioli​Shleifer2018,
  author  = {Bordalo, Pedro and Gennaioli, Nicola and Shleifer, Andrei},
  title   = {Diagnostic Expectations and Credit Cycles},
  journal = {The Journal of Finance},
  volume  = {73},
  number  = {1},
  pages   = {199--227},
  year    = {2018},
  doi     = {10.1111/jofi.12586}
}

@article{MorrisShin2002,
  author  = {Morris, Stephen and Shin, Hyun Song},
  title   = {Social Value of Public Information},
  journal = {American Economic Review},
  volume  = {92},
  number  = {5},
  pages   = {1521--1534},
  year    = {2002},
  doi     = {10.1257/000282802762024610}
}

@article{AngelosetsPavan2007,
  author  = {Angeletos, George-Marios and Pavan, Alessandro},
  title   = {Efficient Use of Information and Social Value of Information},
  journal = {Econometrica},
  volume  = {75},
  number  = {4},
  pages   = {1103--1142},
  year    = {2007},
  doi     = {10.1111/j.1468-0262.2007.00783.x}
}

@article{BlinderEhrmannFratzscher2008,
  author  = {Blinder, Alan S. and Ehrmann, Michael and Fratzscher, Marcel and De Haan, Jakob and Jansen, David-Jan},
  title   = {Central Bank Communication and Monetary Policy: A Survey of Theory and Evidence},
  journal = {Journal of Economic Literature},
  volume  = {46},
  number  = {4},
  pages   = {910--945},
  year    = {2008},
  doi     = {10.1257/jel.46.4.910}
}
@article{Sims2003,
  author  = {Sims, Christopher A.},
  title   = {Implications of Rational Inattention},
  journal = {Journal of Monetary Economics},
  year    = {2003},
  volume  = {50},
  number  = {3},
  pages   = {665--690}
}

@article{MatejkaMcKay2015,
  author  = {Mat{\v e}jka, Filip and McKay, Alisdair},
  title   = {Rational Inattention to Discrete Choices: A New Foundation for the Multinomial Logit Model},
  journal = {American Economic Review},
  year    = {2015},
  volume  = {105},
  number  = {1},
  pages   = {272--298}
}

@article{MackowiakWiederholt2009,
  author  = {Ma{\'c}kowiak, Bartosz and Wiederholt, Mirko},
  title   = {Optimal Sticky Prices under Rational Inattention},
  journal = {American Economic Review},
  year    = {2009},
  volume  = {99},
  number  = {3},
  pages   = {769--805}
}

@article{VanNieuwerburghVeldkamp2009,
  author  = {Van Nieuwerburgh, Stijn and Veldkamp, Laura},
  title   = {Information Acquisition and Under-Diversification},
  journal = {Review of Economic Studies},
  year    = {2009},
  volume  = {76},
  number  = {3},
  pages   = {667--704}
}

@book{Veldkamp2011,
  author    = {Veldkamp, Laura},
  title     = {Information Choice in Macroeconomics and Finance},
  publisher = {Princeton University Press},
  year      = {2011}
}
