@article{10.1257/aer.98.3.690,
Author = {Arellano, Cristina},
Title = {Default Risk and Income Fluctuations in Emerging Economies},
Journal = {American Economic Review},
Volume = {98},
Number = {3},
Year = {2008},
Month = {June},
Pages = {690â€“712},
DOI = {10.1257/aer.98.3.690},
URL = {https://www.aeaweb.org/articles?id=10.1257/aer.98.3.690}}